1811 3058
398 107 554 152 ..oo-

139 225 188 285 buc
197 218 333 290 impuberes
345 237 423 278 essent
433 224 491 272 etin
504 219 601 270 summis
611 220 721 287 periculis
731 238 806 283 versa.

139 305 229 355 rentur,
240 295 354 357 cuiusque
365 291 535 341 miraculorum
541 304 611 340 testes
622 289 806 356 proavifuerant

85 373 87 376 ’
138 378 161 416 v.
172 364 219 410 1.5.
227 366 258 424 4.,
268 360 350 410 eadem
362 359 430 408 etiam
443 378 507 409 nnnc
518 358 805 413 benevolentiaaninaatus

140 443 177 476 cst
191 447 214 479 v.
228 433 263 491 8„
275 445 321 483 nec
336 443 373 476 res
392 427 424 475 ita
441 423 497 476 sunt
515 426 664 493 deperditae,
678 444 738 493 qnae
751 427 806 494 pie,-

139 511 188 545 1ate
204 497 230 544 in
249 496 341 558 Deum,
370 495 509 547 fortitudine
529 495 601 544 animi
626 511 650 547 et
670 493 803 545 obedientia

140 566 232 621 restitui
251 579 382 630 nequeant,
410 582 460 614 non
482 563 657 632 desperandum
677 564 707 612 de
726 562 806 612 futura

141 633 228 693 salute,
246 631 320 681 inodo
344 632 458 684 Iebovam
479 650 591 700 quaerere
611 632 701 681 discant
721 650 743 681 v.
761 634 806 692 1o.‚

141 700 183 764 qui
200 699 298 767 quidem
314 700 495 769 Hierosolymac
510 720 568 767 prae
586 705 669 751 ceteris
685 697 807 759 colendus,

141 781 222 817 tamen
235 787 285 817 non
301 783 362 818 certa
381 771 483 836 quadam
504 770 563 819 urbe
580 770 684 818 inclusus
700 783 727 817 ut
742 767 808 816 idola

141 854 162 883 v.
181 854 211 899 9.,
229 837 272 885 sed
286 838 374 901 ubique
387 851 494 903 promtus
512 851 654 905 paratusque
671 852 705 886 est
718 836 749 885 ad
761 854 807 885 au-

83 948 84 951 ,
142 904 226 952 atilium
240 905 288 953 suis
300 905 459 954 ferendumv.
476 924 512 957 10·
533 924 570 955 11.
619 954 620 957 ,

210 971 332 1020 Habemus
353 974 423 1039 igitur
443 974 491 1022 boc
508 987 590 1023 nostro
608 987 717 1038 poemate
735 990 808 1040 prae-

142 1040 309 1089 stantissimam
326 1043 523 1107 significationem
540 1041 612 1089 animi
627 1041 764 1106 dignissime
779 1039 809 1088 de

143 1107 197 1158 Deo
220 1109 350 1175 cogitantis.
400 1110 469 1158 Exuit
488 1123 550 1159 vates
575 1110 644 1157 lalsas
664 1109 809 1158 Indaeorum

145 1176 269 1242 opiniones
290 1176 319 1225 de
341 1177 398 1226 sede
418 1178 521 1227 lehovae
546 1178 675 1243 peculiari,
704 1177 809 1241 dumque

143 1247 235 1292 animos
250 1248 338 1293 civium
356 1245 387 1294 ad
405 1247 565 1313 cognitionem
583 1246 630 1293 Dei
649 1245 738 1309 ubique
753 1246 811 1293 'elfi-

144 1316 205 1360 cacis
226 1327 249 1362 et
267 1313 356 1379 ubique
378 1316 476 1382 propitii
498 1317 577 1377 effert,
600 1331 654 1364 vere
673 1312 810 1360 Christianis

143 1380 222 1429 modis
242 1381 323 1437 Deum
342 1382 450 1431 celebrat.
471 1385 500 1430 cl.
518 1382 571 1434 Iob.
586 1387 610 1443 4,
626 1384 741 1431 20-25.
757 1381 810 1428 Act.

146 1466 185 1512 17,
199 1453 319 1512 24—27.
354 1449 421 1497 Proh
435 1450 516 1499 dolorl
533 1450 600 1515 quod
614 1464 637 1500 et
653 1467 694 1498 res
710 1462 733 1497 et
750 1448 810 1497 ciues

143 1516 239 1569 attonitis
269 1516 318 1565 eius
345 1519 488 1584 obsequium
517 1532 634 1584 praestare
667 1530 811 1568 recusarunt,

144 1582 203 1631 Nou
221 1584 283 1632 enirn
301 1585 410 1650 patientia
428 1601 451 1635 et
470 1587 554 1652 pietate
576 1587 742 1634 labefactatum
761 1585 812 1632 rei-

144 1652 254 1719 publicae
269 1652 452 1701 fundamentum
467 1654 631 1714 restituerunt,
652 1653 694 1700 sed
711 1651 813 1699 menda-

145 1719 241 1768 cissimo
256 1721 337 1770 studio
353 1721 525 1789 Aegyptiorum
541 1722 613 1787 opem
628 1719 757 1787 quaerendi
771 1720 813 1766 in-

145 1788 240 1837 teritum
255 1789 298 1836 sibi
313 1791 478 1839 accelerarunt.
518 1788 584 1837 Vatis
598 1789 737 1845 inunortalis
756 1788 812 1852 glo-

145 1857 181 1904 ria
194 1868 285 1918 ntanet,
299 1857 345 1906 bae
359 1858 482 1907 occasione
500 1872 523 1906 et
537 1857 659 1906 celsissimi
673 1855 813 1922 argumenti,

147 1936 171 1979 et
197 1925 349 1974 suavissimae
378 1927 555 1993 compositionis
582 1944 676 1974 carmen
703 1923 812 1986 edidisse,

147 1992 358 2059 quod,quantnn1
378 1994 409 2041 ad
424 2009 517 2060 tempus
534 1994 633 2055 adtinet,
647 1993 675 2042 iis
693 2010 753 2057 quae
769 2009 813 2040 etr—¹

145 2060 272 2134 posuimus
285 2062 361 2128 probe
375 2061 534 2121 consideratis,
548 2062 579 2110 ad
588 2063 664 2126 prima
681 2061 741 2125 regis
755 2060 814 2111 Ho-

147 2148 201 2178 seae
221 2143 344 2198 tempora,
368 2145 493 2196 antequam
511 2129 540 2179 de
554 2127 813 2196 loedereAegyptiaco

148 2212 270 2265 ageretur,
283 2199 436 2253 referendum
449 2213 491 2248 est.

216 2405 294 2455 Multo
310 2406 413 2457 severior
428 2407 559 2474 increpatio
577 2404 653 2471 eapite
670 2400 814 2452 duodecimo

149 2477 290 2538 continetur.
305 2475 372 2534 Quae
384 2476 482 2545 quidem
489 2490 524 2524 est
533 2474 673 2524 difficillima
683 2489 736 2537 pars
744 2470 815 2522 totius

148 2543 328 2617 prophetiarum
341 2546 434 2601 Iloseae
442 2545 561 2600 tascimli.
581 2540 684 2612 Difficile
695 2553 730 2589 est
740 2554 816 2592 vatem
