1811 3058
390 189 418 202 -
453 128 545 210 11..-

128 279 227 349 phetsm
244 299 285 331 rex
298 281 401 346 ungitur.
436 279 470 328 Ex
482 297 531 346 qno
547 278 578 328 de
589 278 660 345 plane
670 266 717 331 valla
731 285 797 334 arbi-

127 350 198 399 traria
213 349 296 416 populi
316 348 406 396 actione
419 347 444 401 b.
461 349 476 396 l.
499 366 634 397 sermonem
647 366 704 398 ‘esse
720 351 795 406 ,facile
837 341 860 384 ·i
896 364 898 367 ⁴

128 418 276 484 intelligitur,
298 433 370 480 quam
383 416 482 484 quidem
498 416 524 466 in
543 417 651 466 Sallumo
668 431 692 467 et
707 417 796 468 Mena-

128 485 203 537 hemo
220 486 342 542 habemus,

395 613 532 627 -μ--ψ-

193 686 262 738 Nova
282 689 390 739 oratioa
414 691 493 753 8,11
515 686 636 758 usquead
652 705 675 752 9,
692 705 716 754 7.
733 706 796 755 por-

126 756 217 833 rigitur.
251 756 348 814 Quae
342 777 368 806 111
392 776 420 808 ea
442 773 562 807 coutinen
563 779 592 808 111
608 773 685 838 neque
704 770 797 823 ternpo-

125 844 158 874 ns
173 843 252 891 neque
266 825 376 875 historiae
392 827 470 891 aliqua
488 827 609 877 notatione
626 825 794 890 insigniuntur,

125 892 211 958 Itaque
229 912 256 942 ea
277 893 412 942 universalis
433 895 565 959 argumenti
584 895 689 943 fnisse
675 892 793 946 videntur

126 960 209 1010 Serius
231 962 317 1028 scripta
338 977 406 1026 sunt,
433 979 515 1010 verum
541 981 591 1010 non
614 961 701 1010 ultimis
726 962 794 1026 regni

125 1030 282 1095 temporibus,
300 1029 399 1079 omnino
414 1030 569 1096 temporibus,
586 1030 627 1078 ubi
640 1029 712 1077 lsrael
725 1030 794 1078 ferti-

125 1097 190 1146 litate
202 1111 276 1146 terrae
288 1111 311 1145 et
324 1098 468 1146 abundantia
476 1098 589 1150 frumenti
599 1097 717 1161 mustique
732 1117 794 1163 geu-

126 1164 203 1232 debat.
236 1164 354 1225 Fuerunt,
372 1165 416 1228 ⁴qui
439 1164 557 1226 dicerent,
578 1164 615 1212 his
637 1164 737 1213 indicari
751 1184 794 1213 re-¹

126 1251 201 1298 gnum
218 1231 352 1280 Ierobeanti
368 1232 414 1294 ΙΙ.,
434 1233 500 1280 cuius
522 1233 590 1281 aetati
612 1232 739 1297 descriptio
753 1234 793 1284 illa

126 1300 157 1348 de
177 1301 271 1378 opibus,
289 1300 372 1348 divitiis
395 1318 422 1348 ac
440 1302 539 1350 florente
553 1299 637 1367 populi
654 1300 792 1350 conditione

125 1368 263 1431 conveniat,
280 1375 303 1422 r
320 1385 340 1418 e
358 1367 465 1418 Kuinoel
480 1368 511 1417 ad
531 1370 716 1433 9,1.1.Verum
735 1386 792 1417 cum

124 1437 166 1486 illa
180 1450 273 1485 sentent
273 1435 295 1484 ia
311 1436 376 1485 nulla
390 1436 433 1485 alia
451 1440 476 1484 re
490 1435 514 1484 ni
515 1450 589 1499 t‚atur
608 1436 653 1484 nisi
672 1435 738 1502 quod
752 1437 792 1484 al-

124 1505 224 1565 tarium,
246 1504 348 1567 arcium,
367 1508 503 1570 copiarum,
521 1473 607 1569 quibias
627 1505 729 1584 repletae
743 1510 792 1554 sint

125 1591 207 1634 areae,
222 1587 431 1638 argenteorumque
446 1571 582 1621 deliciarum
596 1577 686 1620 mentio
699 1574 734 1634 fit,
749 1586 792 1621 to·-

123 1657 163 1691 tus
180 1640 284 1705 reliquus
306 1658 379 1689 nexus
402 1641 424 1688 ei
446 1654 567 1706 repugnat.
601 1639 689 1688 Palatia
711 1658 792 1688 arces-

125 1728 172 1776 que
187 1723 210 1756 ct
224 1727 237 1756 e
250 1709 397 1774 temporibus
411 1708 545 1757 Ierobeami
559 1708 591 1760 Π
609 1722 752 1774 supererant,
768 1721 791 1756 et

123 1776 270 1843 temporibus
286 1776 438 1825 diuturnioris
453 1776 562 1854 imperii,
577 1776 644 1855 quod
657 1795 679 1826 v.
694 1795 713 1824 c.
733 1775 792 1824 Me-

123 1851 210 1895 nahem
225 1864 268 1911 per
280 1844 467 1907 dece1n‚Pelab
481 1863 525 1911 per
538 1844 619 1911 viginti
633 1861 706 1893 annos
722 1843 792 1893 obti-
842 1863 844 1866 ’

123 1926 240 1975 urserunt,
259 1928 324 1963 tanto
345 1913 444 1962 faciliori
463 1912 560 1992 negotio
573 1913 660 1962 exstrui
672 1926 790 1979 poterant,
846 1966 848 1971 ,

124 1994 213 2050 quanto
232 1980 343 2028 audacius
360 1981 468 2029 illum'
449 1983 534 2030 civium
557 1999 609 2029 aete
630 2000 701 2031 usum
717 1981 806 2029 fuisse

124 2050 235 2115 esReg.
253 2053 292 2111 16,
304 2066 351 2111 21,
363 2048 429 2096 hunc
440 2049 524 2115 opibus
538 2066 585 2096 suis
597 2064 629 2098 1ta
642 2048 791 2115 superbiisse,

122 2132 151 2168 ut
164 2117 256 2167 bellum
273 2130 355 2166 eontra
375 2135 442 2182 reges
463 2116 693 2183 Hierosolymitanos
715 2117 791 2165 moli-

66 2211 68 2215 *
123 2201 188 2237 retur
209 2205 221 2235 e
243 2206 256 2236 2
280 2185 340 2251 Reg.
363 2187 402 2248 16,
428 2190 453 2240 5.
475 2183 637 2262 intelligimus.
682 2183 790 2233 Fortasse

122 2269 222 2333 uterque
250 2271 291 2302 rex
316 2255 428 2303 latentem
455 2252 574 2302 miseriam
601 2251 641 2300 tali
662 2252 790 2318 splendore

123 2324 187 2376 texit
209 2321 278 2372 Idem
297 2323 411 2390 splendor
431 2322 461 2371 de
478 2320 572 2371 Iudaeis
588 2322 687 2370 refertur
705 2327 729 2383 8,
751 2327 789 2371 14.

92 2405 94 2408 ’
123 2409 228 2458 quorum
251 2409 318 2457 reges
341 2405 365 2440 et
385 2390 469 2439 Usiam
491 2405 514 2439 et
532 2389 670 2439 Iotbsmum
696 2389 790 2456 copiam

122 2460 255 2511 utbtum
233 2472 255 2506 e
271 2459 361 2522 arcium
374 2459 518 2509 munitarum
531 2459 556 2508 in
573 2459 694 2508 montibus
712 2459 789 2509 sitris-

122 2546 170 2596 que
188 2525 278 2576 auxisse
294 2549 307 2580 2
324 2527 413 2581 Chron.
428 2530 467 2591 26,
485 2548 508 2594 9.
527 2545 563 2578 10.
582 2541 604 2576 et
621 2528 788 2594 2718411-

122 2598 206 2666 gintus.
241 2600 282 2645 Est
299 2611 377 2648 autern
396 2612 504 2649 nostruin
523 2599 682 2665 fragmentum
697 2597 789 2664 primus
