1796 3097
345 207 503 261 277·-

305 290 314 306 ⁸
597 307 600 312 a

91 344 115 381 et
127 331 219 401 imperii
232 338 318 381 statum
333 325 378 380 sub
387 321 546 383 lllcnahemo,
564 322 607 374 uhi
622 340 675 388 spes
689 322 759 373 resti¹

89 402 186 450 tutionis
198 391 319 450 universae
330 393 406 459 gentis
417 390 556 440 Iacohiticae
567 404 622 456 post
632 392 756 441 extinctam
803 436 804 439 ,

89 471 203 519 familiam
212 468 278 527 vlehn
290 476 367 526 vatem
384 459 509 521 fefellerat,
526 459 635 524 nhiloco
649 460 756 525 promis-

89 527 173 586 sorum
191 539 312 584 honorum
337 547 361 589 2,
384 545 408 577 2.
436 525 527 594 Assyrii
552 537 639 588 terram
666 546 757 593 sacram
808 569 809 572 ,

88 605 242 662 intraverant,
270 598 313 645 ulti
332 613 368 644 res
390 595 415 642 in
443 595 509 661 peius
533 599 660 645 conversae
685 609 756 643 erant.

90 673 155 730 Quas
181 666 304 737 peculiaris
331 677 356 712 'et
383 663 506 729 singularis
533 663 665 730 argumenti
688 677 756 711 notas

90 735 234 789 observaturi
250 731 364 800 poematis
383 732 522 799 elegantiam
539 733 613 798 magis
635 732 757 798 percipie-

89 827 143 859 mus
158 823 228 870 qnam
243 802 289 863 illi,
307 803 349 864 qni
367 813 442 848 vatem
459 798 526 865 spem
540 798 695 849 universalem
712 815 758 849 tra-

90 891 163 933 ctasse
179 883 281 919 censent.
308 868 469 935 Hieronymus
484 888 504 917 v.
523 887 542 915 c.
562 868 757 933 vituperationem

90 955 232 1008 spontaneae
241 956 325 1003 regum
337 936 456 984 electionis
469 942 517 988 v.4.
529 936 559 984 de
570 937 758 1001 temporibusle‹

88 1006 218 1059 robeamil.
228 1005 399 1071 interpretatur.
413 1004 485 1067 „Non
498 1005 584 1063 enims<
594 1005 678 1068 inquit,
686 1005 759 1069 „quia

88 1077 171 1141 „Deus
181 1074 305 1123 Salomoni
319 1074 390 1122 iratus
406 1092 507 1140 regnum
524 1073 573 1120 eius
589 1072 661 1121 dividi
675 1073 757 1133 voluit,

89 1143 194 1208 „idcirco
202 1142 275 1190 lsrael
282 1143 344 1190 hene
352 1142 455 1208 suscepit
462 1159 550 1207 regem.
569 1141 686 1189 Debuerat
694 1141 759 1189 enim

88 1212 168 1275 „iuxta
183 1210 241 1276 legis
255 1223 379 1276 praecepta
391 1209 471 1258 Deum
486 1211 631 1274 interrogare
645 1228 675 1258 an
687 1211 759 1258 vellet

87 1279 152 1342 „hoe
172 1281 246 1327 fieri.“
291 1277 371 1334 Quem
394 1278 468 1325 secuti
489 1277 597 1344 plerique
618 1278 758 1343 interpretes

86 1361 164 1396 vatem
173 1360 281 1409 nostrum
290 1345 432 1411 proterviam
444 1345 603 1393 Israelitarum
612 1344 637 1393 in
649 1361 757 1411 separato

87 1432 161 1480 regno
178 1413 222 1461 sihi
238 1412 403 1461 constituendo
422 1413 448 1461 in
463 1413 600 1462 universum
615 1419 756 1478 spectavisse

87 1481 302 1548 negligentiamque
318 1480 454 1528 divinorum
474 1494 656 1548 praeceptorum
673 1482 756 1547 quovis

86 1563 194 1614 tempore
215 1549 275 1596 inter
297 1548 413 1596 Israelitas
433 1549 586 1615 conspicuam
614 1548 758 1613 vituperasse
795 1585 796 1588 η

88 1616 270 1668 contenderunt.
312 1615 387 1673 Quod
405 1618 504 1681 quidem
523 1618 579 1666 Seh.
598 1616 709 1665 Schmidt
728 1617 759 1666 ad

87 1684 114 1735 h.
126 1685 143 1735 l.
157 1684 188 1733 ita
200 1684 330 1749 restringit,
345 1699 372 1733 ut
387 1683 460 1733 dicat:
474 1700 585 1734 nontam
600 1686 704 1735 accusari
716 1685 760 1746 Ie<

87 1752 194 1802 robeanri
210 1752 232 1800 Ι.
254 1753 323 1800 etiarn
349 1772 362 1800 a
384 1753 475 1820 populo
497 1757 582 1802 factam
607 1754 758 1813 electionem,

88 1839 161 1886 quam
173 1820 227 1868 solii
239 1822 298 1886 regii
311 1821 409 1887 impiam
423 1823 623 1871 constitutionem.
641 1821 670 1869 ln
687 1840 759 1886 quam

87 1890 138 1936 sere
167 1889 307 1937 sententiam
326 1889 458 1938 Eichhorn
480 1888 583 1956 qnoques
602 1892 652 1939 altit
673 1890 760 1952 (Hehr,

87 1955 177 2023 Proph.
194 1957 213 2016 I,
230 1976 254 2022 p.
271 1960 345 2024 toph:
364 1957 465 2019 „Dnrch
481 1961 526 2009 vvie
543 1959 614 2008 vieles
630 1959 758 2007 verschul-

88 2023 158 2087 „dete
173 2025 224 2073 sich
238 2025 323 2087 Israel,
341 2026 419 2074 durch
433 2028 515 2075 Abfall
529 2046 584 2076 vom
606 2026 688 2075 Hense
704 2026 759 2075 Da-

88 2092 170 2154 „vids,
184 2092 262 2141 durch
276 2094 438 2162 Abgotterey,
453 2096 530 2144 durch
545 2090 720 2144 Bilrlertlienst“
735 2109 759 2144 et

21 2217 26 2219 μ
87 2174 137 2210 not.
155 2160 185 2209 ad
198 2161 222 2210 h.
238 2162 267 2214 l:
284 2162 362 2224 „Wer
380 2163 470 2213 Davids
492 2165 559 2213 Hans
578 2183 633 2212 vom
657 2163 759 2212 Throne

88 2228 253 2294 „verdr‘a'mgtet
266 2248 315 2280 vvar
329 2231 395 2279 nicht
415 2233 477 2280 nach
493 2234 575 2280 Gottes
590 2231 681 2280 Willen
698 2231 758 2281 Ko-

87 2295 151 2359 nig.“
183 2297 290 2347 vVerum
308 2313 331 2348 et
346 2319 357 2347 1
373 2300 432 2364 Reg.
450 2307 488 2360 11,
506 2302 623 2363 29-59.
645 2299 693 2349 Dei
711 2300 759 2351 de-

88 2377 180 2410 cretum
193 2365 264 2413 fuisse
278 2368 366 2428 fertur,
379 2382 406 2415 ut
423 2385 452 2417 10
467 2368 541 2415 tribus
558 2387 571 2416 a
587 2386 662 2434 regno
682 2369 758 2419 Davi-

88 2428 142 2478 dico
165 2433 333 2493 avellerentur,
359 2434 549 2502 prophetamque
567 2436 658 2492 Alsium
681 2440 710 2486 ah
728 2457 757 2489 eo

87 2497 187 2548 missum
201 2518 265 2560 esse,
283 2516 309 2549 nt
322 2520 423 2569 regnum
437 2504 530 2553 illarum
544 2505 651 2555 tribuum
668 2506 699 2554 ad
715 2507 759 2556 Ie-

88 2567 227 2617 roheamum
244 2567 263 2623 l,
281 2569 395 2636 deferret3
413 2587 436 2623 et
453 2573 541 2639 alleg.
556 2593 580 2639 9,
598 2594 677 2640 1—9.
695 2574 757 2624 lehn

86 2636 277 2707 filiuslosaphati
288 2657 332 2710 per
342 2640 433 2695 Elisam
438 2642 492 2694 Deo
504 2642 682 2695 dilectissimum
695 2662 757 2712 pro-
