1796 3097
362 191 521 237 -Xl-

103 306 194 374 rebus
204 311 331 378 'dirinis''
338 307 546 390 philosophice
560 308 712 383 disserant,
729 307 783 366 sed

105 404 141 450 ut
164 393 278 473 populo
309 386 465 444 notissima
494 406 548 444 sno
579 390 668 446 niodo
689 408 783 465 expo-

106 483 197 527 nam
227 467 304 527 Cum
319 465 400 520 enim
420 464 517 522 omnis
536 465 573 522 de
588 465 652 522 Deo
670 465 784 541 cogita-

107 549 149 604 tio
170 547 205 603 in
223 564 263 600 eo.
283 541 467 611 consisteret,
492 553 527 598 ut
554 543 793 621 simplicissimis

109 622 296 701 dogmatibus
317 639 419 675 sensus
443 619 569 691 timoris,
598 620 728 678 fiduciae
756 630 784 676 et

109 700 219 758 amoris
247 698 315 773 erga
335 708 406 752 eum
430 697 636 768 excitarentur,
653 699 785 775 prophe-

108 789 158 835 tae
181 790 300 851 quoque
327 773 361 829 in
381 773 566 830 orationibus
591 776 635 831 nil
664 776 784 852 gravius

110 854 249 911 exhibent
259 850 320 909 nisi
330 851 469 925 animum
482 852 542 908 iuis
554 851 687 908 sensibus
703 870 785 907 corn-

110 944 234 988 motum.
263 926 477 986 Commotionis
488 941 588 985 autem
601 928 787 985 occasionem

111 1020 140 1082 et
151 1009 214 1064 fata
224 1005 409 1084 reipublicae
424 1018 452 1062 et
465 1025 561 1063 mores
574 1006 688 1063 civium
697 1024 787 1082 prae-

112 1087 249 1142 buerunt.
289 1082 331 1139 Hi
339 1083 575 1159 indignationem
583 1102 696 1153 eorum,
716 1101 788 1159 pro-

109 1174 213 1240 pterea
228 1158 310 1235 quod
327 1161 409 1215 natio
424 1171 575 1239 tantopere
591 1179 609 1216 a
622 1160 687 1217 Deo
702 1177 788 1215 ama-

111 1250 143 1295 ta
153 1238 271 1312 Deique
287 1237 493 1310 benevolentia
508 1250 585 1294 tecta
601 1236 684 1306 tanta
705 1236 789 1292 insa-

112 1316 165 1373 nia
181 1327 209 1371 et
223 1315 416 1392 improbitate
433 1314 498 1371 Deo
517 1314 667 1372 adversari
683 1324 788 1391 posset,

114 1393 167 1449 itta
178 1403 216 1447 ¹et
237 1391 371 1466 querelas
389 1391 426 1447 de
440 1410 489 1461 eo,
509 1392 591 1467 quod
602 1390 714 1448 mutari
727 1409 793 1448 non,

114 1479 238 1548 poterat,
257 1480 285 1524 et
298 1478 413 1524 metum
421 1467 573 1526 maiorum
587 1467 791 1524 calamitatum

5 1539 7 1550 ²
57 1577 59 1580 ·
116 1545 269 1623 deperdito
289 1545 400 1622 populo
415 1544 648 1614 imminentium,
668 1555 696 1600 ct
708 1564 792 1621 spem

116 1626 179 1680 sore
201 1634 235 1679 ut
252 1622 286 1678 in
305 1622 411 1677 melius
426 1623 548 1679 tandem
566 1642 671 1678 eorum
685 1641 732 1677 res
743 1641 795 1677 re

118 1702 316 1773 statuerentur,
333 1699 509 1765 excitarunt.
550 1697 627 1758 Cum
645 1710 746 1756 autem
760 1699 794 1757 in

118 1797 151 1835 re
172 1776 245 1855 ipsis
266 1776 429 1831 sacerrima
444 1787 640 1845 versarentur,
657 1791 722 1831 nort
733 1776 794 1830 mi-

118 1874 189 1911 rum
207 1864 248 1909 est
270 1872 420 1929 quemque
435 1874 488 1909 suo
508 1854 598 1909 modo
611 1863 795 1912 commotum

121 1930 224 1986 omnia
247 1931 361 2007 poetice
376 1941 412 1985 ‘et
428 1931 538 1988 vidisse
555 1942 583 1987 et
606 1930 794 2007 descripsisse

121 2020 149 2063 et
164 2007 305 2084 pinxisse.
338 2006 383 2076 Ut
402 2027 468 2065 rem
491 2009 614 2085 planam
635 2005 665 2063 vet
688 2007 795 2064 centies

111 2086 233 2146 dictam
251 2084 366 2141 civibus
388 2085 450 2141 suis
469 2085 716 2154 commendarent,
737 2084 798 2140 fer-

122 2182 176 2219 vor
196 2162 300 2232 animi,
323 2163 450 2239 gravitas
475 2162 632 2232 orationis,
653 2160 799 2237 elegantia

123 2239 292 2315 imaginum
317 2240 468 2297 accederet
493 2258 609 2295 necesse
638 2251 710 2295 erat.
754 2237 797 2294 Eo

123 2317 213 2373 modo
227 2334 312 2373 curas
328 2329 356 2373 et
366 2327 435 2373 rota
445 2336 501 2372 sua
513 2328 708 2394 proponentes
727 2334 799 2371 san-

81 2430 83 2433 ν
125 2404 204 2449 ctam
214 2393 311 2450 diuini
325 2392 459 2450 numinis
473 2393 536 2451 vim
553 2396 614 2450 sibi
625 2394 719 2450 inesse
730 2414 800 2449 sen-

79 2534 81 2540 !
125 2471 307 2544 seruntjet,
330 2471 521 2545 quodetiam
546 2489 566 2526 a
588 2470 707 2528 Graecis
726 2490 800 2548 poe-

126 2548 163 2602 tis
179 2549 240 2603 non
259 2546 392 2613 alienum
405 2560 476 2621 erat,
498 2547 558 2606 Dei
577 2550 724 2626 impeturn
739 2568 801 2604 esse
831 2563 834 2566 ·

126 2626 291 2703 probarum
300 2635 328 2680 et
335 2625 498 2703 grandium
509 2626 723 2704 cogitationum
734 2643 802 2702 gra-
