1748 3058
683 197 731 241 Vnt
751 211 784 239 rc
814 211 820 239 ,·
870 233 871 237 ,

148 269 242 322 gentum
257 266 279 303 et
292 270 374 301 aurum
387 271 454 300 suum
469 252 578 317 adhibent
590 257 617 301 ad
631 229 762 303 facieirdrim
776 211 819 304 sitii

149 332 278 376 simulacra.
318 325 442 383 Propterea
467 328 634 376 exscindentur.
681 329 704 375 5,
720 326 820 372 Abiiciet

149 411 173 444 te
186 398 271 445 vitulus
285 405 346 451 tune,
363 390 472 443 Sacraria.
506 395 542 439 lra
559 411 609 437 mea
626 395 820 439 1000001010οε-
868 438 869 441 ,

152 476 198 512 scet
220 461 329 524 quamdiu
348 462 434 522 probae
460 468 541 506 inentis
565 478 612 506 esse
635 479 681 507 non
705 471 821 524 poterunt.
867 510 869 528 ἴ

154 537 177 586 6,
194 533 311 592 Siquidem
325 538 347 572 et
364 544 392 574 ex
406 531 487 575 israele
501 532 540 575 liic
555 531 604 590 ipse
623 540 685 575 ortus
700 540 746 587 est,
762 532 823 576 arti·
867 556 871 570 2

152 604 202 648 ficis
217 617 283 660 opus,
297 614 343 642 non
358 599 430 654 Deus,
444 600 501 643 etin
518 601 627 644 scintillas
644 601 704 660 ignis
722 601 823 645 solvetur
869 591 873 596 ⁷

155 670 270 715 Samariae
288 668 384 726 vitulus,
416 684 437 729 7.
451 675 473 712 et
484 677 564 715 ventus
581 664 632 712 eum
648 671 762 729 disperget
777 677 825 712 tur·
870 716 871 719 Ἴ

152 741 228 797 boque
244 738 366 783 vehemens
383 752 435 779 eum
452 745 528 784 metet.
562 737 596 781 At
609 739 687 780 nullus
707 742 731 781 in
752 752 824 780 messe
870 771 872 773 .

153 808 287 851 invenietur
300 806 389 848 culmus
405 818 486 864 sanus,
504 821 596 864 germen
612 821 657 849 non
673 805 776 866 proferet
792 805 825 849 fa-

155 877 245 932 rinam,
263 881 328 931 atque
342 872 360 914 si
380 871 439 915 fone
457 890 526 932 qnam
543 874 674 934 protulerit,
692 891 704 918 a
720 873 824 918 barbaris

157 941 321 989 absorbebitur.
359 938 380 983 8.
394 939 537 985 Absorbetur
553 942 631 988 lsrael.
666 936 826 986 100010εοὶ-
868 952 870 973 r

156 1008 310 1058 resbarbaris
332 1008 552 1067 prostituunturut
572 1010 617 1055 vile
637 1027 675 1055 vas
697 1012 756 1070 quod
776 1009 827 1053 nbi·

157 1095 201 1140 que
222 1077 344 1140 spernitur.
392 1089 414 1134 9.
431 1072 567 1122 Aseenduut
592 1079 617 1121 in
641 1079 761 1140 Assyriam
786 1094 827 1122 ceu

157 1164 242 1206 onager
265 1146 306 1189 sibi
326 1144 441 1189 solitarius
470 1150 557 1191 errans.
585 1142 696 1202 Ephraim
722 1148 826 1191 mercede

160 1214 272 1261 conduxit
291 1209 384 1257 illicitos
405 1229 500 1259 amores.
518 1256 520 1259 ,
537 1229 575 1261 lo.
593 1210 652 1258 Cum
675 1228 749 1260 autem
771 1232 828 1258 mu-
870 1209 871 1212 ¹

153 1284 212 1329 'nera
227 1299 267 1327 sua
282 1282 343 1325 inter
359 1281 465 1326 barbaros
482 1282 608 1341 emiserint,
626 1284 731 1341 equidem
750 1298 786 1327 eos
800 1284 828 1326 ad
870 1273 873 1344 ’Ξ

159 1353 279 1398 interitum
295 1349 414 1408 colligam,
430 1359 452 1394 et
467 1342 534 1397 brevi
552 1353 700 1396 succumbent
713 1349 828 1413 principes

159 1426 224 1467 oneri
237 1418 305 1481 regis.
871 1419 873 1422 “

219 1733 317 1788 Sequitur
332 1746 410 1772 novum
424 1729 561 1786 fragmentum
579 1734 735 1787 prophetiarum
751 1731 841 1784 Hcseaef

161 1790 235 1845 idque,
255 1791 310 1844 qnod
327 1790 409 1842 tempus
427 1792 512 1841 attinet,
529 1798 578 1844 post
591 1791 611 1843 5,
626 1805 646 1843 9.
661 1790 785 1843 ponendum,
800 1790 827 1834 et.

162 1849 240 1888 introd.
261 1863 282 1900 p.
302 1847 336 1902 75.
365 1846 404 1886 1110
421 1846 467 1886 1000
487 1850 546 1887 velut
567 1863 617 1887 sono
637 1849 736 1887 buccinae
755 1848 830 1887 vatici*

163 1905 221 1945 nium
244 1905 346 1944 ediderat:
371 1904 478 1957 Ephraim
498 1902 594 1945 desolata
615 1907 655 1944 erit
678 1913 766 1957 tempore
786 1919 831 1942 coru

165 1964 262 2001 rectionis
280 1976 337 2001 suae.
374 1962 406 2000 Ad
425 1962 447 1999 id
465 1964 568 2016 respicere
588 1963 671 2003 videtui
690 1962 751 2001 initio
768 1962 831 2001 liuius

162 2019 273 2071 fragmenti
294 2019 369 2072 quippe
388 2018 443 2071 quod
457 2032 485 2057 ex
506 2019 632 2060 orationibus
652 2020 772 2072 urrperrime
793 2032 831 2056 ex-

163 2075 235 2116 hibitis
247 2077 270 2114 in
282 2077 361 2115 recenti
373 2075 472 2114 memoria
484 2084 543 2119 esser.
574 2077 634 2116 Certe
646 2077 686 2117 hoc
699 2082 773 2115 nostro
783 2074 830 2114 loco

163 2133 225 2187 plane
243 2133 313 2172 nullae
332 2134 399 2172 ruinae
423 2146 439 2175 s,
464 2133 697 2185 grandioris‘momenti
717 2131 777 2170 effata
796 2145 832 2170 re-

162 2192 285 2244 periuntur,
299 2190 360 2244 digna
374 2204 426 2243 quae
441 2192 509 2230 souitu
523 2192 622 2232 buccinae
638 2192 737 2238 edantur,
752 2190 769 2228 si
784 2189 831 2229 illas

163 2256 258 2300 repetere
278 2248 374 2288 nolimus.
413 2247 474 2296 Quod
493 2249 622 2302 interpretes
636 2248 701 2302 probe
720 2247 831 2285 santientes

163 2311 264 2358 putarunt
279 2306 348 2344 verbis
369 2304 507 2358 adpclotnm
524 2306 633 2346 buccinam
656 2305 686 2343 nil
703 2305 769 2343 inesse
789 2304 831 2343 nisi

164 2362 276 2401 clericorem
291 2363 386 2402 bellicum
402 2376 426 2400 eo
440 2368 534 2416 tempore
550 2364 638 2412 editum,
659 2376 705 2401 cum
720 2361 830 2414 aliquando

163 2432 230 2457 novus
243 2419 335 2459 bestium
351 2421 440 2472 impetus
454 2418 520 2462 lieret.
553 2420 630 2461 Verum
645 2422 666 2459 in
682 2426 725 2458 toto
738 2419 784 2459 leco
800 2418 831 2457 nil

163 2475 255 2514 bellicosi
271 2477 331 2520 inest.
354 2477 451 2516 Continet
466 2482 545 2517 tautum
563 2478 742 2531 exprobrationem
757 2491 831 2530 pecca-

162 2538 231 2571 torum
240 2534 398 2573 Israelitieorunr
410 2540 429 2572 et
441 2534 506 2575 minas
515 2549 616 2575 novarum
628 2535 767 2574 calamitatum
779 2545 832 2587 quae

161 2590 186 2628 ab
200 2592 272 2630 insana
286 2591 363 2633 fidncia
373 2594 397 2632 in
412 2598 483 2646 gentes
502 2593 599 2633 barbaras
614 2599 682 2633 essent
695 2591 802 2635 oriundae.
