1811 3058
422 126 575 173 „213-

159 257 239 294 autem
252 241 289 291 sui
301 257 446 289 sensnsnnn
456 240 562 305 illustrat,
578 256 751 305 nonnunquam
765 241 826 296 adeo

158 314 281 363 intellectu
298 309 443 360 ,difficiliores
462 309 563 365 reddere
582 307 681 364 videtur.
715 309 827 365 Quorum

162 381 261 447 quidem
275 378 406 440 gravitatem
422 376 507 425 certius
520 377 613 443 assequi
625 394 675 432 non
690 394 826 442 possumus,

163 467 235 515 quam
244 448 283 508 ita,
294 460 321 493 ut
332 462 425 509 semper
436 459 660 511 artemspectemus,
675 461 721 508 qua
732 445 828 510 elegan-

161 518 251 567 tissime
263 512 393 578 imaginum
404 530 500 567 suarum
514 513 708 579 significationem
721 532 770 562 non
781 530 827 561 ex-

161 585 230 652 ponit
250 586 317 644 (nam
335 580 405 629 ardor
420 580 493 628 animi
506 583 644 647 ampliorem
658 580 828 639 enarrationem

161 650 326 717 nonpatitur),
342 648 385 698 sed
397 649 523 697 lectoribus
539 668 568 697 ex
578 664 628 701 toto
643 648 752 705 orationis
766 668 829 708 nexu

162 718 329 773 inveniendam
342 717 458 781 relinquit.
471 736 491 767 ι.
506 735 526 770 c.
544 724 573 778 4,
590 736 628 781 19.
653 724 680 780 8,
699 721 730 768 61
741 735 762 780 7.
789 736 828 778 11,

160 807 179 853 9
196 804 285 838 -11.
313 803 357 847 12,
382 789 419 839 15.
439 795 476 834 14.
520 789 607 834 Vatem
622 802 828 851 nunquamcom-

161 855 297 921 parationes
315 852 442 918 effugiunt,
461 852 532 918 altera
549 852 612 904 enim
630 853 659 900 ab
676 854 745 901 altera
762 851 829 917 quasi

163 922 318 990 protruditur,
334 922 405 969 altera
418 920 483 976 alt-eri
498 921 647 970 occasionem
663 923 769 988 praebet,
791 937 830 981 ιο,

168 1009 300 1041 11-12.
327 994 369 1050 15,
389 991 477 1040 1215.
501 993 664 1053 9310—16.
690 987 829 1038 Necaltius

164 1057 276 1125 repetitae
291 1070 346 1105 sunt
363 1056 416 1109 illae
429 1056 552 1122 imagines,
568 1075 647 1123 neque
661 1057 768 1121 opiniosa
781 1058 831 1121 fig-

163 1140 253 1187 menta,
268 1143 351 1174 verum
364 1142 446 1177 omnes
461 1142 473 1172 e
487 1125 609 1186 communi
618 1126 702 1183 vita-et
712 1132 742 1173 ex
753 1123 832 1172 histo-

164 1195 199 1242 ria
211 1193 286 1258 gentis
301 1192 435 1252 desumtae,
452 1206 503 1245 tum
516 1192 679 1248 subtilissimae
687 1208 723 1250 vet,
732 1194 831 1257 elegan-

163 1260 276 1324 tissimae,
293 1277 316 1321 2,
332 1264 371 1314 18,
385 1263 425 1308 25.
441 1264 479 1310 24.
500 1279 524 1323 9,
535 1264 558 1308 4.
571 1278 607 1311 ιο.
627 1277 665 1322 ιο,
681 1278 717 1309 10.
735 1278 770 1315 ιι.
795 1280 833 1321 11,

162 1347 190 1382 ιι.
203 1346 226 1378 2.
238 1335 261 1379 4.
284 1334 322 1386 ι4,
340 1331 377 1390 6.,
399 1341 451 1374 tum
468 1326 595 1375 severiores
616 1341 639 1375 et
657 1328 787 1395 asperiores
809 1346 833 1385 ρ,

166 1397 330 1456 5.14.4,16.
348 1399 523 1456 5,12.14.15.
540 1416 563 1460 7,
574 1400 658 1459 4—,-7.
682 1409 764 1458 1059,
794 1398 834 1456 15,

166 1467 193 1518 5,
226 1461 303 1512 Modo
316 1463 390 1528 tangit
403 1462 489 1511 lineam
498 1462 608 1528 imagine,
623 1468 647 1526 4,
661 1481 699 1516 10.
722 1469 747 1525 6,
761 1481 780 1511 1.
795 1480 834 1511 ro.

167 1535 192 1593 6,
207 1536 230 1583 4.
244 1550 280 1579 ιι.
305 1548 329 1592 7,
345 1536 368 1583 8.
384 1547 422 1581 ιι.
441 1535 478 1582 14.
498 1534 534 1583 16.
553 1529 697 1592 etc,1nodo
715 1530 835 1595 copiosius

155 1611 343 1660 eamexornat,
366 1601 665 1660 2‚7-'-12.18-23.
691 1602 715 1656 4,
732 1597 775 1649 ιδ.
811 1601 834 1659 6,

169 1687 191 1720 1.
204 1683 227 1718 2.
250 1670 278 1725 8,
293 1684 314 1728 7.
338 1683 361 1728 9,
373 1683 396 1729 9.
422 1685 460 1724 10,
477 1684 502 1730 9.
519 1684 558 1721 ιο.
587 1686 626 1729 12,
638 1670 659 1713 8.
682 1669 771 1724 15‚15.
797 1673 836 1727 14,
888 1699 889 1702 =

167 1739 223 1784 6-
231 1739 243 1781 8
252 1733 489 1796 etc.·,aton1nesistae
498 1733 612 1801 imagines
622 1734 836 1783 altioremsensum

166 1801 291 1851 involvunt
300 1820 370 1866 quam
382 1801 558 1867 copiosissimae
571 1801 747 1867 descriptiones.
767 1799 836 1850 Non·
879 1840 881 1842 ψ

168 1888 293 1934 nunquam
311 1869 408 1933 quidem
426 1870 533 1917 luxuries
548 1869 720 1934 imaginationis
737 1885 836 1934 poetam
887 1914 891 1925 „

168 1937 201 1986 ita
215 1936 311 2002 abripit,
325 1951 352 1985 ut
364 1936 388 1983 iu
402 1937 511 1991 tenenda
521 1938 672 1986 translatione
683 1936 731 1995 arti
744 1938 835 1999 criticae
847 1990 853 1996 θ

140 2059 143 2063 ⁴
169 2022 221 2054 non
231 2005 354 2071 probetur,
368 2023 387 2055 v.
395 2022 414 2054 c.
425 2022 477 2069 cap.
489 2024 519 2068 7.,
529 2005 571 2054 ubi
580 2006 621 2071 qui
635 2010 687 2057 v.,4.
698 2023 773 2053 massa
784 2008 836 2054 fer-

166 2085 273 2122 mentata
288 2072 314 2126 iu
328 2072 421 2119 clibano
439 2073 565 2137 coquenda
583 2087 656 2134 erant,
671 2090 691 2121 r.
704 2091 725 2135 7.
742 2073 835 2121 clibano

168 2141 216 2206 ipsi
225 2136 313 2194 similes
326 2141 399 2200 fiunt,
418 2156 468 2204 cap.
480 2144 503 2199 5,
520 2158 549 2192 12
559 2172 593 2180 -—
606 2147 642 2195 154.
656 2140 696 2187 uhi
706 2138 773 2193 Deus
787 2159 836 2190 ro-

170 2222 237 2256 catur
247 2208 309 2257 tinea
320 2221 343 2256 et
353 2207 464 2273 putredo,
478 2226 535 2258 mox
549 2223 625 2258 autem
639 2208 678 2256 leo
691 2209 766 2270 ferox,
783 2208 836 2256 dis-

167 2293 270 2341 cerpens
291 2290 314 2323 et
333 2275 453 2329 abducens
469 2277 593 2343 ,praedam
615 2276 640 2324 iu
661 2274 835 2340 habitaculum,

170 2361 225 2409 cap.
236 2347 276 2404 15,
287 2346 324 2400 15.
337 2344 380 2398 ubi
389 2344 452 2393 natio
461 2343 588 2406 Israelitica
598 2357 747 2414 comparatur
759 2363 836 2411 puer-

169 2428 242 2478 perae
259 2409 353 2460 dolores
366 2426 445 2477 partus
460 2413 577 2478 sentienti,
592 2432 649 2463 mox
665 2427 745 2469 autem
756 2413 835 2468 infans

169 2482 210 2545 fit,
237 2476 279 2544 qui
301 2490 393 2546 tempus
420 2480 558 2531 maturitatis
581 2496 715 2549 exspectare
741 2480 836 2546 nequit;

168 2566 221 2616 cap.
236 2552 275 2616 14,
291 2547 349 2602 6*
360 2565 382 2612 9.
396 2549 439 2601 ubi
455 2549 571 2624 israelitae
587 2550 692 2608 restituti
704 2549 835 2620 ceul'rlium
