1811 3058
444 173 600 219 «affl...

186 289 326 351 conveniat,
346 283 535 353 eodemmodo,
554 299 582 335 ut
595 284 776 351 vituperationes
793 289 855 342 utri*

185 376 263 424 usqne
275 355 341 423 regni
351 368 433 403 nostro
444 355 500 402 loco
515 354 703 420 coniunguntur,
721 369 797 405 vatem
808 361 856 407 huc

187 428 320 490 respexisse
337 436 400 470 totus
417 423 546 470 verborum
567 439 640 470 nexus
663 423 752 472 suadet.
788 425 857 490 Sup-

187 493 278 559 peditat
297 490 360 540 enim
378 489 439 538 illud
451 491 522 538 triste
546 490 622 539 fatum
644 491 716 539 Usiae
736 491 797 557 regis
817 495 857 539 t'a-

188 561 300 608 cillimam
318 558 492 623 expeditionem
507 556 554 620 rei,
580 576 640 622 quae
658 558 796 626 interpretes
812 578 857 607 ve-

187 628 260 690 xavit,
282 626 411 679 seibrando
427 628 523 675 tertium
544 628 725 692 comparationis
740 627 855 677 intubis

188 696 244 767 'tm
259 708 340 775 {Ni-232
358 710 429 772 ΠᾟΠῖ
442 705 488 771 ’ΠΨ
502 711 537 771 ἾἨ
560 707 691 773 petendum
716 707 752 757 sit.
781 706 857 755 Mtt-

185 770 242 826 tavit
254 775 325 825 Usias
340 795 380 824 rex
393 769 538 823 Indaeorum
552 776 665 823 terminos
686 775 761 841 regiae
780 775 856 840 digni-

185 845 247 906 tam,
261 844 303 892 ubi
312 844 369 891 huie
380 842 525 890 sacerdotale
535 842 641 890 officinm
653 840 787 892 adsociandi
799 861 857 891 con-

187 912 267 960 silium
289 910 356 977 cepit.
389 909 442 958 Nec
463 910 584 967 offendere
604 915 650 966 nos]
670 926 761 977 potest,
789 912 856 975 quod

186 991 285 1040 nomine
299 986 345 1055 ’ῚΨ
360 1008 416 1038 usus
431 990 468 1051 sit,
483 1008 539 1037 cnm
551 989 581 1038 de
594 997 656 1055 rege,
669 967 733 1058 nit),
743 991 857 1040 crimina-

187 1059 222 1107 tio
237 1059 318 1112 valeat.
353 1056 473 1106 Nimirum
488 1072 511 1106 et
524 1071 621 1123 propter
633 1059 788 1107 reverentiam
806 1058 856 1124 regi

186 1125 334 1175 Iudaeorum
353 1126 450 1189 eiusque
472 1127 573 1174 familiae
596 1125 699 1174 debitam
719 1126 746 1175 id
765 1127 855 1176 disertis

187 1194 264 1243 verbis
278 1194 399 1260 designare
412 1194 501 1256 noluit,
514 1193 581 1258 quod
592 1192 638 1241 illis
654 1194 800 1259 temporibus
815 1213 856 1242 ne·

185 1262 277 1310 minem
284 1263 319 1311 vel
324 1263 441 1322 lectorum
452 1262 489 1310 vel
500 1260 636 1310 auditorum
645 1261 758 1326 fugiebat,
763 1276 793 1309 et·
797 1280 856 1327 poc·

185 1329 232 1377 tice
249 1330 330 1379 tribuit
349 1329 456 1397 pluribus
477 1326 542 1394 Ε’ἹΨ
559 1328 626 1393 quod
646 1328 676 1376 de
698 1347 747 1378 uno
763 1344 855 1379 tautum

184 1385 242 1476 ⁸⁴]th
259 1410 347 1472 valuit,
362 1411 393 1458 cf.
409 1429 432 1473 7,
448 1427 472 1474 7.
505 1408 579 1466 Quod
594 1422 672 1455 antem
685 1406 798 1474 imagines
816 1423 854 1457 ata

184 1478 255 1535 tinet,
273 1495 354 1525 earnm
365 1477 399 1526 vis
419 1476 486 1526 nullo
504 1478 550 1527 alio
572 1476 647 1524 modo
661 1492 715 1525 vere
737 1477 854 1525 aestimari

183 1544 282 1611 poterit:
293 1541 496 1615 ffundnmsuper
506 1565 545 1596 cos
554 1564 597 1594 cen
606 1563 699 1611 aquam
710 1548 854 1613 indignatio-

183 1643 324 1675 nemmeam
334 1626 395 1685 0272}
405 1622 493 1692 ’.ἸῚῧΨᾷ
502 1605 604 1693 ΞῌΨᾏζ,
614 1625 744 1675 absuntam
752 1629 853 1675 domum

186 1746 327 1759 ..ι--ιι

237 1807 297 1846 'onim
309 1807 474 1861 synchronistica
485 1807 568 1846 omnino
579 1821 647 1861 regem
653 1807 759 1847 Pekahum
769 1808 854 1860 omittit,

238 1864 398 1904 trucidationem
415 1865 527 1912 Pekahiahi
544 1864 601 1903 iltius
621 1865 754 1904 antecessoris
777 1864 801 1903 in
814 1879 852 1904 au-

240 1934 291 1960 num
302 1920 358 1961 3454
369 1922 434 1974 ponit,
449 1935 490 1974 qno
503 1921 615 1960 secundnm
626 1927 718 1960 nostram
729 1928 853 1973 computan-

241 1976 375 2016 ditationem
385 1978 455 2018 Pekah
469 1978 547 2016 occisus
559 1985 596 2019 est.
619 1978 642 2017 In
660 1978 770 2030 praemissa
783 1984 852 2018 autem

209 2065 211 2068 .
238 2046 312 2085 regum
326 2033 413 2073 historia
427 2048 454 2074 cx
469 2034 540 2072 eodem
555 2048 624 2073 errore
643 2033 719 2073 iterum
733 2035 851 2088 iterumque

239 2089 404 2130 Pekahiahloeo
420 2090 496 2129 Pekabi
509 2090 591 2142 legitur.
606 2112 633 2120 -
649 2091 726 2129 Verum
746 2104 773 2129 cx
793 2094 850 2132 omni

237 2146 344 2187 Kuinoclii
357 2147 481 2187 narrationis
499 2159 556 2185 nexu
574 2146 679 2199 procedit,
698 2153 806 2187 cruentum
820 2152 850 2187 sa-

236 2204 295 2242 cinus
313 2204 403 2252 Hosoae,
425 2203 480 2256 quod
499 2203 535 2242 ille
553 2202 711 2243 trucidationem
730 2203 850 2257 Pekahiahi,

239 2259 289 2299 libri
301 2262 354 2300 sacri
365 2274 378 2300 2
391 2261 441 2314 Reg.
458 2261 489 2310 15,
505 2258 540 2298 50.
553 2260 711 2300 trucidationem
723 2259 801 2300 Pekahi
815 2276 850 2315 ³1³·

237 2317 316 2368 pellant
321 2347 327 2367 ‚
348 2318 432 2357 tannis
448 2324 496 2371 post
513 2324 600 2357 mortem
619 2317 708 2357 totnani
723 2318 758 2358 vel
775 2331 850 2357 secun-

238 2372 287 2413 dum
306 2376 370 2428 ipsius
391 2374 437 2414 Viri
457 2376 479 2420 S,
493 2375 518 2415 V.
533 2374 655 2415 seutentiam
675 2375 774 2417 evenisse.
816 2374 850 2416 Ex

238 2442 279 2481 quo
299 2445 362 2484 porro
381 2431 468 2471 eundem
488 2431 559 2472 Virum
579 2430 602 2473 S.
617 2429 641 2473 V.
654 2438 679 2471 nt
695 2445 765 2471 omnes
782 2433 850 2472 inter-

235 2491 303 2539 pretes
317 2488 377 2527 libris
390 2488 494 2528 historicis
508 2488 532 2529 V.
547 2488 573 2531 T.
588 2488 676 2529 ducibus
691 2503 756 2528 annos
770 2489 849 2530 Pekahi
895 2521 899 2524 .

233 2556 277 2582 non
289 2558 300 2582 a
311 2547 414 2585 consortio
426 2545 511 2599 imperii
521 2546 621 2601 lotham,
636 2546 672 2587 sed
687 2552 779 2588 amorre
788 2546 849 2588 Uriae

232 2613 349 2652 numerasse
363 2609 455 2660 eriperet,
