1811 3058
379 148 410 165 ¹·-
437 131 481 175 200
508 149 539 161 ···

716 185 808 238 fluat·

129 242 204 283 modus
219 243 294 298 agendi
314 256 362 296 erga
379 257 468 292 uxorem
487 256 539 286 vere
559 242 632 283 similis
651 250 696 286 erat
715 247 748 296 ei,
766 258 808 298 quo

130 299 187 340 Deus
202 300 309 354 hucusque
326 306 452 343 tractaverat
471 301 573 356 populum
589 300 727 341 Israeliticum
749 318 809 343 eum-

131 371 173 412 que
187 373 251 412 porro
270 364 359 398 tractare
379 360 523 403 constituerat.
552 358 601 398 Non
619 359 674 397 euim
690 372 808 401 sermonem

132 428 177 455 esse
188 423 270 455 tantum
282 415 310 454 de
322 422 417 470 tempore
434 417 595 472 explorationis,
609 416 646 455 sed
661 416 686 455 de
701 415 739 467 iis,
756 431 810 468 quae
865 424 867 427 '
889 412 896 468 ζ’

131 473 186 513 illud
198 471 279 526 tempus
291 481 388 515 secutura
403 475 450 527 sint,
464 481 549 529 apparet
566 488 593 513 ex
606 473 742 513 translatione
756 474 811 513 ima-

131 531 186 582 ginis
198 530 224 570 ad
237 530 339 582 populum
357 532 503 573 israeliticum.
539 531 593 580 Quid
610 532 696 570 omuino
710 531 810 583 ponderis

132 587 253 627 habuissent
266 589 381 639 promissa,
397 604 439 629 esse
453 605 474 629 se
486 590 644 629 observaturum
657 589 743 626 eandem
757 597 811 627 tem-

129 645 250 699 perantiam
268 658 319 699 erga
338 661 434 696 uxorem,
455 662 518 702 quom
531 648 573 698 ipsi
587 643 738 698 imperauerit?
753 646 811 685 Vatis

132 701 226 754 probitas
239 704 308 741 omnis
322 705 383 759 dubii
397 719 471 758 expers
487 710 541 753 erat3
557 718 595 744 cur
608 704 672 755 igitur
686 703 712 741 de
727 715 751 741 ea
764 717 813 742 am-

132 758 189 811 plius
204 758 270 797 verba
281 760 377 803 taceret?
397 764 423 803 Se
438 769 507 802 autem
523 775 570 801 cum
589 773 656 800 uxore
672 773 718 806 rem
733 759 811 800 babere
853 788 855 790 ·
890 756 905 803 ,ῖὲ

132 815 205 865 nolle,
218 816 241 855 id
255 816 279 855 in
294 820 419 861 abstinentia
438 821 463 859 ab
481 820 539 859 cinni
555 818 667 868 concubitu
683 817 745 855 uxori
761 832 812 869 pro-

132 873 202 924 posita
222 875 375 921 continebatur.
409 877 516 916 Mittamus
534 877 598 929 igitur
616 875 769 927 frigidissimam
783 875 812 913 il·

132 928 176 969 lam
191 936 253 984 atque
269 947 280 971 a
295 934 400 987 plerisque
411 934 566 987 ‘interpretibus
581 940 685 985 receptam
698 932 811 971 verborum

133 993 254 1027 nostrorum
273 991 444 1043 explicationem:
468 990 554 1029 eundem
578 1004 657 1045 quoque
675 1004 724 1044 ergo
742 997 762 1027 te
779 1004 811 1028 mc

131 1045 240 1096 praebebo,
253 1047 434 1098 ortatu-Eichhorn
448 1049 499 1088 adeo
514 1049 545 1086 ita
560 1048 676 1096 coustituit,
690 1061 713 1086 ac
726 1046 743 1085 si
756 1053 811 1099 part.

134 1095 167 1144 ab
191 1103 260 1142 verbis
286 1103 375 1145 inesset:
404 1104 547 1156 „auchich
567 1103 629 1144 will
648 1104 719 1144 mich
733 1105 811 1144 nicht

134 1172 166 1196 zu
182 1158 227 1199 dir
240 1159 360 1204 haltcnf‘
391 1162 551 1202 Promissicnem
571 1160 625 1200 vatis
640 1163 718 1214 optime
733 1175 811 1202 corrrc-

132 1215 180 1254 nire
199 1230 248 1255 cum
261 1230 325 1257 versu
340 1219 412 1271 quinto
427 1221 491 1259 verba
511 1219 598 1266 docent,
628 1226 649 1258 et
664 1233 701 1257 suc
716 1219 763 1257 loco
776 1219 812 1258 vi·
866 1269 868 1273 ,

133 1270 234 1313 dabimus.
264 1274 341 1315 Nostra
356 1277 459 1316 sententia
478 1275 541 1328 plane
556 1276 652 1326 congruit
673 1289 720 1314 cum
740 1275 811 1326 expli-

133 1330 215 1368 catione
234 1330 321 1374 Chald:
344 1334 481 1386 opcplicnbitis
497 1349 534 1373 vos
551 1333 620 1371 cultui
633 1347 687 1380 meo,
710 1347 752 1371 nou
762 1332 813 1385 for-

131 1388 259 1427 nicabiminr'
274 1404 339 1444 neque
348 1391 515 1444 fornulolriuot'ni
530 1390 604 1436 idolis,
628 1405 663 1445 ego
678 1404 757 1444 quoque
770 1392 812 1427 mi-

132 1452 226 1485 serturus
240 1461 287 1485 curn
301 1451 376 1498 uestri,
392 1457 413 1488 et
426 1448 543 1488 Boeckelii:
565 1447 647 1496 „daun
666 1447 722 1486 will
742 1447 811 1486 auch

131 1501 171 1541 ioli
186 1503 230 1542 der
245 1503 331 1543 Deiue
346 1510 432 1560 seyn.“
453 1507 563 1545 Praeterea
576 1506 627 1543 haec
643 1505 759 1558 posteriora
775 1518 812 1543 va-

133 1559 161 1597 tis
180 1562 248 1600 nostri
260 1563 330 1610 verba,
345 1565 414 1603 verbis
430 1580 447 1611 1,
461 1577 481 1615 9.
496 1576 620 1616 quamquam
634 1562 738 1601 contrario
752 1575 813 1600 sensu

135 1615 252 1667 simillima,
268 1626 352 1671 praeter
367 1634 449 1660 curnem
466 1621 616 1659 dubitationem
631 1625 700 1657 vatem
714 1619 813 1666 voluisse,

134 1681 159 1712 ut
172 1674 194 1716 b.
207 1676 222 1716 l.
236 1675 263 1713 de
275 1675 335 1714 nullo
351 1677 391 1716 alio
404 1678 537 1716 riratrimcuio
553 1676 655 1728 cogitetur
665 1689 726 1728 quam
741 1676 766 1713 de
781 1688 812 1723 eo,

134 1732 190 1782 quod
207 1745 225 1771 c.
243 1745 261 1774 1.
275 1733 386 1786 pinxerat,
402 1734 567 1774 luculentissime
586 1739 680 1777 monent.
693 1733 719 1772 ct.
734 1732 812 1776 introd.

132 1801 180 1843 pag.
196 1802 243 1842 119.

191 1894 212 1934 4.
230 1895 292 1936 Nunc
306 1896 382 1936 transit
395 1894 499 1948 propheta
514 1892 539 1932 sd
553 1893 711 1933 translationem
727 1908 814 1938 suorum
865 1883 868 1897 i

132 1950 225 1992 fatorum
239 1954 265 1993 ad
280 1955 323 1994 fata
337 1953 457 1994 Israelitica.
490 1950 669 2000 Quemadmodum
684 1953 747 1993 rusori
760 1960 814 1992 tem-

133 2022 173 2063 pus
189 2011 340 2064 explorationis
358 2016 506 2064 proposuerat,
524 2009 554 2047 ita
573 2009 651 2061 populo
670 2010 725 2049 idem
742 2012 814 2049 immi-

132 2067 204 2107 nebat.
233 2067 264 2106 De
285 2082 326 2122 quo
344 2081 411 2107 sermo
431 2067 468 2114 sit,
489 2072 553 2105 status
571 2068 654 2118 imperii
669 2067 775 2107 israelitici
792 2074 814 2105 et
831 2069 832 2074 ’

133 2137 205 2163 omnes
213 2128 305 2178 poeticae
318 2125 467 2178 descriptiones
473 2123 549 2163 horum
559 2125 724 2177 triumcapituur
732 2125 814 2167 docent.

134 2181 240 2222 Israelitae
251 2184 380 2233 tumultibus,
397 2180 456 2220 bellis
469 2181 565 2220 ciuilibus
577 2186 597 2219 et
610 2184 743 2221 contentione
755 2182 816 2234 prin-

133 2240 204 2291 cipum
216 2240 246 2279 ito
259 2242 285 2280 ad
298 2243 371 2280 incitas
387 2246 446 2278 crant
458 2238 549 2286 redacti,
567 2245 591 2277 ut
605 2252 670 2292 paene
684 2240 725 2279 sibi
739 2241 815 2293 despe-
868 2253 872 2255 ’

133 2304 213 2338 rorent.
249 2299 328 2338 Ultima
349 2298 412 2349 stirps
432 2297 500 2348 regiae
520 2296 612 2335 tantiliae
634 2296 684 2336 lelio
702 2297 814 2338 interitura

137 2361 194 2404 erat,
209 2357 236 2399 cf.
251 2357 325 2409 olieg.
344 2368 375 2403 10,
397 2353 445 2403 do„
465 2355 528 2394 duces
548 2354 690 2394 contentionis
705 2356 815 2395 studiosis-

136 2413 183 2451 simi
199 2427 241 2451 non
261 2415 367 2467 publicam
387 2412 474 2450 salutem
495 2411 531 2451 sed
549 2426 606 2451 suam
623 2413 683 2451 modo
705 2413 815 2452 avaritiam
838 2425 841 2435 ¹

136 2470 246 2514 curabant.
279 2472 307 2512 lie
321 2472 385 2525 igitur
399 2469 451 2509 fides
466 2484 508 2509 non
522 2469 618 2509 habenda
636 2477 687 2513 erat.
710 2471 817 2509 Sacrificio

136 2527 230 2581 legitima
245 2535 373 2568 evanuerant
388 2529 430 2566 iam
448 2528 497 2567 inde
519 2541 531 2566 a
551 2527 680 2581 temporibus
695 2528 816 2574 lerubeaud,

137 2585 175 2625 ubi
197 2585 300 2640 templum
325 2585 537 2639 Hierosolymitanum
558 2585 703 2635 deseruerant,
728 2587 752 2626 in
774 2600 816 2646 uuo
