1796 3097
364 201 394 218 ..
422 169 531 239 aus-s
572 190 575 196 s

50 254 52 258 ’
105 250 140 299 111,
155 248 177 292 4.

106 308 151 348 5010
166 291 266 345 sacrifieiis
279 293 374 340 facienda
387 294 456 335 erant.
484 286 512 330 Iis
528 287 652 329 substitutae
667 295 728 335 erant
742 297 786 331 sta-'

106 371 155 404 tuae
169 367 190 401 et
202 372 264 407 arae,
279 356 354 410 quibus
370 347 467 390 victimas
486 347 605 385 mactabant
625 356 647 386 et
665 347 731 386 suffita
751 348 788 395 ina⁴

108 421 229 461 condebant,
259 406 420 456 Eodemmodo'
430 403 468 441 illa
481 403 590 458 magnilica
604 404 675 443 tunica
690 404 788 445 sacerdo-

108 478 152 518 tum
166 476 247 530 Eph⁰d‚
261 483 308 511 cum
324 466 381 504 Urius
394 468 416 500 et
432 461 553 500 Tlmmmim
563 463 654 515 'oraeula
674 461 790 511 edentibus}

109 537 184 576 relicta
199 540 243 571 erat
258 523 426 574 Hierosolymue,
442 520 517 571 quibus
533 520 626 559 destituti
640 519 724 559 oracula
739 533 790 559 suo-

110 607 157 633 rum
178 574 277 644 periatum
296 578 440 619 consulebant.
477 576 567 629 Tempus
585 579 685 628 instabat,
712 591 753 630 quo
769 582 792 630 et

110 650 199 695 lrorum,
215 653 235 683 et
250 647 377 683 statuarum,
391 641 413 673 et
427 633 527 674 salsorum
542 635 691 675 sacrificiorum
709 635 792 673 vanita-

111 712 153 745 tem
167 697 295 744 intellecturi
309 699 377 731 essent
393 698 414 730 et
431 692 492 729 missa
506 691 543 731 illa
564 693 635 732 insana
649 693 727 731 fiducia
741 692 792 730 dae-

112 763 253 802 moniacarum
279 752 357 792 artium
380 749 594 800 consuetudinumque
617 751 717 802 aucipites
739 750 792 789 llae-

112 819 174 858 situri
205 818 285 862 essent,
320 807 376 859 quid
397 807 498 848 facerent.
542 805 598 844 Talis
626 808 748 860 ambiguitas
770 811 793 845 et

113 876 207 916 anxietas
222 872 247 910 de
262 865 348 922 propria
361 870 417 902 sorte
434 870 465 902 est
479 876 554 902 revera
566 870 647 916 tempus
664 864 793 917 exploratio:

113 928 157 981 nis,
173 942 225 983 qliae
249 922 349 964 convenit
367 921 400 960 illi
421 920 562 972 explorationi
581 921 682 965 mulieris.
713 920 794 960 Obser-

113 989 182 1030 vandu
196 991 227 1024 est
242 983 264 1022 in
285 982 317 1020 his
337 979 488 1032 elegantissima
509 980 612 1031 oppositio
629 992 793 1026 serumserum,

116 1046 190 1097 quibus
205 1055 255 1087 vere
270 1040 364 1089 destituti
380 1043 439 1075 erant
455 1042 475 1073 et
491 1048 574 1087 eurum,
593 1037 643 1090 quas
659 1036 743 1088 quidem
757 1034 796 1074 ad-

115 1102 157 1141 hue
175 1099 292 1145 habebant,
313 1093 385 1135 verum
402 1096 482 1133 abiecta
504 1093 582 1132 fiducia
603 1108 667 1146 aeque
685 1094 796 1132 tractaturi

115 1165 175 1205 eraut
191 1170 213 1195 ao
226 1155 243 1194 si
258 1154 283 1192 iis
296 1167 338 1191 non
356 1159 435 1201 esseut:
454 1153 637 1204 res-principes,
654 1151 796 1201 sacrificia-

115 1215 183 1263 idolo,
200 1210 404 1265 Erotion-oracula
415 1218 524 1262 penatium.
540 1232 569 1239 --
600 1208 687 1248 Diversa
703 1216 733 1253 est
748 1205 798 1246 seu-³

115 1273 182 1311 tentia
197 1283 283 1319 eornm,
301 1269 335 1319 qui
351 1269 420 1306 onmia
440 1267 466 1305 ad
484 1266 570 1305 exilium
592 1266 725 1318 tlssyriaeum
740 1266 797 1305 rel'e-

77 1365 79 1375 ,
118 1336 175 1372 runt.
204 1328 291 1372 Verum,
308 1332 330 1362 ut
343 1326 365 1363 id
381 1331 524 1370 taceam,nos
539 1324 647 1375 hucusque
659 1325 753 1361 nondum
768 1322 808 1361 il⁴v

118 1384 159 1423 lius
175 1385 233 1423 exilii
248 1382 334 1433 vestigia
349 1383 451 1434 reperire,
472 1382 537 1420 verbe
559 1381 603 1433 ipsa
623 1381 673 1419 huic
690 1381 799 1433 interppef

118 1443 193 1481 tationi
206 1437 329 1492 repugnant.
366 1439 392 1477 [lt
405 1439 499 1476 deessent
514 1439 606 1492 legitima
621 1438 721 1477 sacrificis
738 1450 799 1476 care-

118 1507 206 1552 reutque
221 1496 314 1550 Eplrodu‚
329 1502 399 1552 tumen
416 1509 459 1533 non
473 1497 496 1533 in
512 1497 600 1534 exilium
616 1495 734 1533 abeundum
748 1504 799 1536 erat.

120 1554 156 1595 His
171 1561 211 1595 iam
227 1554 275 1594 inde
289 1566 300 1590 a
316 1553 435 1591 lerobeamo
451 1553 468 1594 Ι,
483 1553 552 1591 orbati
566 1559 631 1591 erant.
667 1552 714 1600 Quo
730 1559 801 1593 autem

121 1612 229 1659 abierunt,
249 1624 291 1648 nou
308 1609 427 1660 defuerunt
437 1603 463 1649 iis
479 1609 537 1648 idola
555 1617 576 1648 et
596 1616 694 1662 penates,
715 1610 764 1661 quin
778 1613 802 1651 in

119 1669 185 1720 ipsam
206 1668 273 1708 omnis
293 1668 446 1720 superstitionis
472 1668 562 1720 patriam
581 1673 693 1712 uerierunt,
727 1668 806 1708 Melius·

121 1726 151 1779 pii
172 1728 299 1778 interpretes
317 1730 446 1775 statuerunt,
473 1722 556 1777 quide
575 1724 677 1763 desiderio
700 1727 803 1778 evangelii

123 1791 204 1837 tempus
217 1782 271 1820 illud
284 1782 434 1834 explorationis
447 1782 616 1834 explicaverunt,
631 1796 754 1834 quemquam
764 1798 806 1832 ra-¹

122 1848 154 1880 tes
172 1840 265 1880 nondum
284 1841 309 1878 de
323 1853 347 1878 eo
363 1839 492 1890 cogitaverit.
529 1840 582 1878 Sunt
596 1853 667 1878 sensus
687 1843 804 1892 praesentis

124 1905 189 1938 status
204 1897 320 1935 calamitosi
334 1903 355 1934 et
370 1899 475 1950 praesagia
487 1894 607 1935 futurorum
617 1897 735 1937 feliciorum
752 1904 805 1938 tem-

124 1969 210 2010 porum,
235 1954 287 2004 quae
302 1969 314 1991 a
334 1961 383 1992 vate
402 1953 427 1990 de
446 1954 515 1993 reditu
528 1969 613 1993 snorum
633 1961 684 2017 post(
694 1956 804 2009 interitum

124 2012 215 2055 farrriliue
232 2011 284 2049 lelru
295 2011 320 2049 ad
331 2010 431 2050 saririliam
444 2011 530 2050 Davidis
543 2010 701 2062 llierosolymae
716 2017 806 2065 regnanssss
852 2057 856 2060 x

126 2076 168 2111 tem
187 2069 265 2106 frustra
287 2074 417 2119 exspectata,
438 2069 522 2108 tandem
541 2069 603 2121 lunge
624 2070 664 2106 alio
685 2070 746 2108 modo
765 2062 805 2124 piis

126 2125 207 2168 ludaeis
226 2126 385 2177 contingebant,
406 2140 455 2166 cum
474 2140 561 2177 reguum
584 2126 692 2178 spirituale
714 2126 806 2175 Daridis,

127 2184 185 2236 quod
200 2181 323 2221 Christianis
340 2184 378 2222 llei
391 2191 433 2231 est,
453 2198 492 2236 per
507 2185 574 2221 lesum
589 2182 694 2222 Christum
707 2182 807 2224 instituess

126 2249 192 2282 retur.
226 2240 295 2278 ludaei
310 2241 434 2293 interpretes
449 2242 498 2279 lruie
512 2241 559 2278 loco
575 2240 694 2278 innituntur
711 2243 810 2283 miserem

129 2311 188 2335 suam
203 2298 352 2348 dispersionem
365 2299 421 2336 inter
436 2305 505 2349 gentes
521 2299 633 2336 sentientes
654 2305 674 2336 et
687 2299 756 2337 adhuc
771 2303 809 2341 ad-

129 2361 216 2393 ventum
233 2353 317 2392 lllessiee
338 2355 488 2406 praestolantes
506 2361 526 2392 et
543 2356 588 2407 ipse
606 2352 747 2408 Hieronymus
762 2374 809 2398 eum
859 2350 861 2352 ,

130 2409 259 2463 explieatde
276 2412 390 2449 abiectione
409 2411 531 2450 ludaeorum
552 2412 618 2463 deque
637 2413 714 2466 insigni
736 2429 810 2456 eorum

131 2468 278 2519 conversione,
302 2470 338 2520 qni
358 2469 585 2523 hartleo‘pnsooutum
610 2478 631 2507 et
653 2473 741 2513 sedeunt
762 2490 811 2515 oon.

132 2527 197 2565 tracti
211 2526 262 2579 quia
276 2539 324 2563 oum
339 2525 385 2565 Deo
400 2535 460 2566 sture.
471 2541 513 2567 uon
524 2528 641 2579 potuerint.
