1811 3058
382 133 539 180 ..x-

124 264 235 324 rentur,
254 255 302 318 rel
321 253 550 318 ubidebilitata
562 263 643 320 esset,
662 251 799 309 restitue-

124 342 198 389 rent.
228 331 287 387 Sed
298 342 467 409 temporum
481 332 598 389 vicibus
606 328 703 387 Moses
718 330 798 385 eius-
813 399 814 402 Ἴ

125 428 183 483 que
203 408 399 464 institutiones
420 409 564 465 oblivioni
578 407 706 464 traditae
722 419 799 477 sunt,

125 504 238 542 errores
258 497 368 542 terram
386 498 520 543 sanctam
538 485 702 554 intrarunt,
731 496 799 541 ‘mo-

113 583 170 620 res
180 563 343 639 depravati,
351 564 427 641 leges
437 564 584 640 neglectae
594 573 670 619 sunt.
710 560 800 619 Tune

124 640 272 719 pernicies
292 641 475 720 reipublicae
492 651 625 697 contento
641 658 740 716 gressu
752 659 799 695 se-

126 719 282 793 quebatur.
321 718 490 777 Abrahemi
505 718 616 796 posteri
629 729 697 773 ante
706 718 799 775 ricto-

125 815 172 851 res
199 796 237 852 ab
262 797 397 853 hostibus
420 796 493 852 vieti
515 806 592 866 sunt,
612 795 799 870 publicare-

127 873 237 929 curitas
258 873 381 950 auiugit,
401 873 524 931 barbari
544 883 571 927 et
581 874 671 928 urbes
687 884 715 928 et
729 888 798 949 opes

126 961 155 1005 et·
175 950 252 1006 eires
273 963 420 1028 oeperunt,
444 969 525 1026 reges
545 949 798 1007 sibi‘tributarios

126 1027 265 1098 secentur,
294 1028 419 1084 dissidia
446 1037 474 1083 et
492 1025 601 1082 interni
620 1036 718 1082 motus
739 1027 799 1084 mi-

126 1104 237 1160 seriam
257 1118 412 1175 auxerunt,
432 1124 499 1180 gens
515 1102 635 1181 stupida
650 1116 678 1159 et
694 1104 799 1180 despe-

126 1198 196 1236 rans
221 1180 255 1237 in
274 1181 427 1237 interitum
441 1200 528 1236 ruere
549 1180 652 1258 eoepit.
692 1179 798 1237 Tantis

125 1276 228 1314 renim
262 1258 483 1324 calamitatibus
515 1257 563 1314 nii
598 1256 705 1312 restitit
738 1257 799 1314 nisi

126 1333 208 1409 quod
246 1334 313 1391 auci
324 1335 412 1411 probi
429 1333 564 1403 homines
578 1334 677 1390 adhue
693 1354 798 1413 super-

125 1411 215 1483 stites⁷
223 1355 431 1467 iiiosaiearum
436 1412 657 1467 institutionum
669 1413 798 1487 sagacis-

126 1489 198 1543 simi
222 1500 341 1558 tutores,
361 1505 484 1544 eausam
506 1489 658 1543 maiorum
676 1490 737 1544 suis
750 1509 798 1545 os-

125 1567 293 1635 tenderent,
328 1565 410 1641 quod
429 1576 458 1621 et
477 1583 558 1640 reges
575 1576 612 1620 'et
633 1566 798 1622 sacerdotes

126 1654 155 1698 et
175 1643 293 1720 piebem
315 1643 424 1698 iterum
444 1642 613 1716 iterumque
637 1642 676 1698 ad
695 1644 799 1720 print-

125 1738 198 1778 nam
217 1720 408 1798 patriamque
426 1719 568 1797 pietatem
596 1730 799 1797 provocarent,

47 1838 49 1842 -
126 1798 210 1872 quod
240 1796 382 1873 exemplis
408 1816 445 1852 ex
465 1796 592 1853 historia
615 1797 714 1874 patria
738 1798 799 1853 'de-

125 1874 232 1930 srmrtis
259 1875 375 1930 monita
397 1892 452 1930 sua
475 1873 692 1944 confirmarent,
717 1874 799 1950 quod

126 1972 211 2028 spem
239 1952 425 2007 adnecterent
462 1951 525 2007 sore
553 1964 588 2008 ut
619 1950 679 2007 Dei
711 1952 800 2007 auxi-

125 2030 204 2085 lium
220 2029 331 2106 populo
350 2025 559 2099 restitueretur,
577 2029 665 2085 modo
682 2029 721 2084 ad
733 2048 801 2085 eam

124 2107 255 2162 formam
277 2118 305 2161 et
322 2103 454 2161 indolem
471 2105 616 2176 redirent,
643 2124 736 2180 quam
750 2125 800 2160 so-

125 2184 188 2238 lam
204 2183 268 2239 Deo
289 2183 406 2261 plaeere
426 2183 624 2241 iamdudum
646 2201 664 2238 a
690 2183 799 2239 sanetis

126 2260 200 2318 viris
225 2262 374 2315 monitum
393 2260 503 2316 inisset.

204 2336 320 2394 Harum
343 2337 585 2395 adhortationum
606 2348 802 2394 monumenta

126 2413 160 2471 in
194 2412 347 2493 prophetis
375 2414 491 2471 Veteris
532 2413 714 2492 Testamenti
744 2415 802 2471 ha·-

126 2494 242 2549 bemns.
280 2489 394 2548 Earum
412 2492 546 2548 ratioet
558 2493 669 2550 indoles
686 2512 746 2548 non
766 2511 802 2548 ea

127 2582 184 2640 est,
204 2582 238 2626 ut
263 2568 335 2625 nori
353 2568 469 2645 aiiquid
496 2570 619 2628 doceant
648 2582 741 2645 utque
765 2570 801 2629 de
