1811 3058
405 146 560 198 ..26-

72 313 75 320 k
140 257 262 325 magisque
280 259 490 324 confirmarentur,
507 274 532 312 et
543 272 633 309 exterae
651 261 757 310 nationes
773 263 816 331 ip-

140 345 179 376 sae
196 328 282 378 eodem
300 326 378 377 odio
372 341 554 393 inperpetuum
570 327 626 377 ab''
612 338 639 375 us
654 344 805 378 r.cm0veren

138 407 184 444 tur
226 402 317 446 Eorum
340 395 466 460 demagogi
486 395 596 445 Mosaieis
624 395 807 449 institutionibus

139 464 171 527 ita
187 465 270 512 initiati
287 477 365 524 erant,
385 478 412 510 ut
426 463 510 528 poenis
526 466 609 514 divinis
624 482 664 514 eos
679 464 807 525 afficerent,

142 534 184 596 qui
208 531 378 598 aliquantulum
403 530 431 579 ab
455 530 495 577 illa
519 531 603 582 duritia
622 540 646 581 'et
671 531 807 581 erudelitate

139 600 193 665 lege
212 599 299 648 sancita
321 599 471 647 remitterent.
505 598 589 665 Itaque
608 601 693 650 Saulus
713 600 807 660 cecidit,

140 682 267 733 postquam
290 666 437 731 aliquantum
461 666 635 719 misericordiae
657 687 711 734 erga
728 670 808 717 Ama-

139 736 220 786 lebitas
234 753 366 800 eorumque
380 754 461 801 regem
471 734 583 801 Agagurn
595 737 704 804 prodidit.
722 737 806 787 1Sam.
856 732 861 735 ⁸

141 807 180 855 15.
215 804 291 862 Quod
305 804 387 853 odium
402 822 431 853 ex
445 818 523 853 mente
535 805 609 854 Masis
625 806 692 870 quasi
702 804 805 855 aheneus

139 891 224 921 murus
242 887 302 936 erat,
330 890 402 937 quern
421 873 574 921 barbarorum
593 874 699 939 impietas
720 874 807 922 transi-

138 940 182 988 lire
196 941 312 1005 nequiret.
337 947 432 991 Vanum
446 940 583 995 eonsilium!
607 941 671 1001 Male
686 941 747 993 enim
763 940 807 990 sibi

140 1022 164 1057 et
178 1011 266 1075 patriae
280 1009 383 1057 consulit
395 1008 515 1056 fulcimina
527 1009 605 1056 salutis
619 1009 696 1058 virtuti
707 1024 730 1058 et
740 1023 807 1058 natu·

139 1095 180 1125 ree
192 1077 318 1126 inominum
331 1077 446 1125 contraria
458 1077 606 1130 substituens,
628 1077 709 1125 iacobi
719 1076 806 1144 posteri

139 1145 222 1192 iamin
236 1146 330 1193 deserto
342 1144 469 1205 Midianitis
483 1159 506 1193 et
517 1144 634 1206 Moabitis¹
655 1145 746 1210 saepius
761 1147 806 1193 sub

138 1212 259 1260 Iudicibus
272 1212 371 1278 aratiquis
387 1212 517 1258 Canaanitis
530 1230 555 1259 se
564 1213 732 1289 adjungebant.
753 1212 806 1260 Da-

137 1280 232 1328 videst
222 1280 378 1332 fundament
366 1280 486 1356 aquibus
505 1280 582 1328 onrnis
599 1280 712 1329 institutio
732 1281 806 1345 patria

137 1367 163 1396 m
165 1362 222 1396 ere
223 1367 252 1396 ur
270 1350 331 1396 bene
352 1348 470 1413 perspexit
497 1365 571 1413 eaque
594 1348 672 1395 animo
691 1349 805 1415 probavit.

116 1416 214 1465 ‘Prout
228 1430 307 1465 autem
319 1434 372 1480 ipso
387 1430 498 1481 regnante
512 1430 607 1464 anese
600 1416 669 1465 adir'
657 1431 726 1464 trae
729 1434 806 1482 auve-

137 1484 235 1544 bantur
257 1484 288 1532 ita
306 1484 409 1550 populus
427 1484 547 1549 pristinem
566 1483 679 1535 feritatem
697 1487 805 1546 exuebat,

136 1521 252 1618 navigatio
267 1566 290 1601 et
308 1565 438 1601 mercatura
457 1552 621 1613 exercebatur,
641 1566 700 1600 artes
721 1566 744 1600 et
763 1553 805 1600 in-

78 1625 80 1634 *
137 1621 225 1668 dustria
239 1620 335 1686 patriam
347 1621 477 1680 intrabant3
493 1619 524 1667 ita
539 1619 643 1685 (pridem,
659 1619 760 1668 utillud
774 1620 803 1668 ab

138 1689 272 1737 auctoribus
288 1688 430 1754 reipublicae
444 1702 566 1752 tantopere
579 1687 719 1752 impeditum
733 1705 804 1736 com-

136 1757 253 1805 mercium
268 1755 389 1804 intermitti
404 1756 503 1822 amplius
522 1774 570 1804 uon
585 1770 670 1821 posset.
696 1756 805 1805 Salomo-

137 1825 173 1875 nis
193 1824 318 1890 imperinm
338 1824 401 1873 hane
425 1842 511 1873 novam
534 1823 642 1872 historiae
665 1823 823 1883 Israeliticae

136 1892 264 1959 periodum
274 1894 400 1948 inchoavit,
435 1892 490 1959 Ipse
501 1891 600 1956 ‘opifices
613 1910 641 1940 ex
654 1891 721 1939 variis
734 1893 803 1941 terris

137 1962 218 2011 vicinis
233 1961 263 2007 ad
278 1961 391 2025 ternplum
402 1961 571 2018 aedificandum
582 1960 693 2023 invitavit,
706 1960 804 2010 foedera

136 2048 192 2078 eum
208 2029 300 2095 regibus
317 2028 419 2077 barbaris
434 2029 473 2075 icit
479 2046 487 2089 ,’
506 2046 562 2075 cum
576 2028 625 2076 aliis
642 2028 702 2076 adeo
719 2028 804 2077 amici-

136 2100 192 2146 tiana
213 2097 271 2157 iniit,
289 2096 362 2144 filiam
381 2097 443 2160 regis
460 2095 565 2162 Aegypti
582 2095 606 2142 in
627 2096 804 2151 matrimonium
872 2100 875 2105 ’

136 2166 217 2227 duxit,
235 2184 303 2215 naves
320 2164 351 2212 ad
369 2164 446 2213 littora
462 2177 552 2212 remota
567 2163 641 2224 misit,
662 2163 772 2211 mulieres
790 2183 804 2214 e

137 2233 268 2282 lectissimis
283 2233 398 2283 variarum
415 2235 540 2283 nationum
559 2231 603 2278 sibi
617 2230 720 2280 adscivit.
753 2237 802 2283 Res

136 2302 162 2351 iu
176 2301 243 2367 peius
255 2303 323 2350 etiam
333 2319 412 2351 versae
425 2316 487 2361 suut,
503 2312 557 2367 post
559 2317 629 2364 quam
640 2299 699 2348 vires
711 2301 803 2366 populo

136 2370 257 2436 perpetuis
273 2369 346 2437 irrupt
338 2369 460 2419 tionibus
454 2369 604 2417 mimicOrum
619 2367 741 2417 resistendi
756 2368 816 2418 de·-

135 2441 242 2514 suernut‚
254 2438 355 2486 maxime
368 2452 495 2504 postquam
504 2437 578 2484 uibus
588 2434 745 2486 Israeliticae'
738 2454 803 2501 tpsae

136 2505 234 2556 internis
261 2506 459 2556 contentionibus
476 2518 550 2552 semet
571 2503 636 2568 ipsas
661 2522 802 2554 consumere
860 2552 867 2554 ,

138 2588 275 2643 coeperunt
315 2572 386 2624 Tunc
404 2573 489 2626 adeo
483 2592 508 2625 tu
526 2573 638 2644 auxilium
658 2571 714 2624 belli
735 2589 802 2640 reges
